@article{mcculloch1943logical,
  author    = {McCulloch, Warren S. and Pitts, Walter},
  title     = {A Logical Calculus of Ideas Immanent in Nervous Activity},
  journal   = {The Bulletin of Mathematical Biophysics},
  year      = {1943},
  volume    = {5},
  number    = {4},
  pages     = {115--133},
  doi       = {10.1007/BF02478259},
  url       = {https://link.springer.com/article/10.1007/BF02478259}
}

@article{rumelhart1986learning,
  author    = {Rumelhart, David E. and Hinton, Geoffrey E. and Williams, Ronald J.},
  title     = {Learning Representations by Back-Propagation Errors},
  journal   = {Nature},
  year      = {1986},
  volume    = {323},
  pages     = {533--536},
  doi       = {10.1038/323533a0},
  url       = {https://www.nature.com/articles/323533a0}
}

@article{lecun2015deep,
  author    = {LeCun, Yann and Bengio, Yoshua and Hinton, Geoffrey},
  title     = {Deep Learning},
  journal   = {Nature},
  year      = {2015},
  volume    = {521},
  number    = {7553},
  pages     = {436--444},
  doi       = {10.1038/nature14539},
  url       = {https://www.nature.com/articles/nature14539}
}

@article{krizhevsky2012imagenet,
  author    = {Krizhevsky, Alex and Sutskever, Ilya and Hinton, Geoffrey E.},
  title     = {ImageNet Classification with Deep Convolutional Neural Networks},
  journal   = {Communications of the ACM},
  year      = {2012},
  volume    = {60},
  number    = {6},
  pages     = {84--90},
  doi       = {10.1145/3065386},
  url       = {https://dl.acm.org/doi/10.1145/3065386}
}

@inproceedings{vaswani2017attention,
  author    = {Vaswani, Ashish and Shazeer, Noam and Parmar, Niki and Uszkoreit, Jakob and Jones, Llion and Gomez, Aidan N. and Kaiser, ≈Åukasz and Polosukhin, Illia},
  title     = {Attention Is All You Need},
  booktitle = {Advances in Neural Information Processing Systems (NeurIPS)},
  volume    = {30},
  year      = {2017},
  url       = {https://papers.nips.cc/paper/7181-attention-is-all-you-need}
}

@article{esteva2017dermatologist,
  author    = {Esteva, Andre and Kuprel, Brett and Novoa, Roberto A. and Ko, Justin and Swetter, Susan M. and Blau, Helen M. and Thrun, Sebastian},
  title     = {Dermatologist-Level Classification of Skin Cancer with Deep Neural Networks},
  journal   = {Nature},
  year      = {2017},
  volume    = {542},
  number    = {7639},
  pages     = {115--118},
  doi       = {10.1038/nature21056},
  url       = {https://www.nature.com/articles/nature21056}
}

@article{bojarski2016end,
  author    = {Bojarski, Mariusz and Testa, Davide Del and Dworakowski, Daniel and Firner, Bernhard and Flepp, Beat and Goyal, Prasoon and Jackel, Lawrence D. and Monfort, Mathew and Muller, Urs and Zhang, Jiakai and Zhang, Xin and Zhao, Jake and Zieba, Karol},
  title     = {End-to-End Learning for Self-Driving Cars},
  journal   = {arXiv preprint arXiv:1604.07316},
  year      = {2016},
  eprint    = {1604.07316},
  archivePrefix = {arXiv},
  primaryClass = {cs.LG},
  url       = {https://arxiv.org/abs/1604.07316}
}

@book{goodfellow2016deep,
  author    = {Goodfellow, Ian and Bengio, Yoshua and Courville, Aaron},
  title     = {Deep Learning},
  publisher = {MIT Press},
  year      = {2016},
  url       = {https://www.deeplearningbook.org/}
}

@book{hastie2009elements,
  author    = {Hastie, Trevor and Tibshirani, Robert and Friedman, Jerome},
  title     = {The Elements of Statistical Learning: Data Mining, Inference, and Prediction},
  publisher = {Springer},
  year      = {2009},
  edition   = {2nd},
  doi       = {10.1007/978-0-387-84858-7},
  url       = {https://link.springer.com/book/10.1007/978-0-387-84858-7}
}

@book{murphy2012machine,
  author    = {Murphy, Kevin P.},
  title     = {Machine Learning: A Probabilistic Perspective},
  year      = {2012},
  publisher = {MIT Press},
  address   = {Cambridge, MA},
  url       = {https://mitpress.mit.edu/9780262018029/machine-learning/}
}

@book{bishop2006pattern,
  author    = {Bishop, Christopher M.},
  title     = {Pattern Recognition and Machine Learning},
  year      = {2006},
  publisher = {Springer},
  address   = {New York},
  isbn      = {978-0-387-31073-2},
  url       = {https://link.springer.com/book/10.1007/978-0-387-31073-2}
}
