@article{fukushima1980neocognitron,
  author    = {Fukushima, Kunihiko},
  title     = {Neocognitron: A Self-Organizing Neural Network Model for a Mechanism of Pattern Recognition Unaffected by Shift in Position},
  journal   = {Biological Cybernetics},
  year      = {1980},
  volume    = {36},
  number    = {4},
  pages     = {193--202},
  doi       = {10.1007/BF00344251},
  url       = {https://link.springer.com/article/10.1007/BF00344251}
}

@article{rumelhart1986learning,
  author    = {Rumelhart, David E. and Hinton, Geoffrey E. and Williams, Ronald J.},
  title     = {Learning Representations by Backpropagating Errors},
  journal   = {Nature},
  year      = {1986},
  volume    = {323},
  number    = {6088},
  pages     = {533--536},
  doi       = {10.1038/323533a0},
  url       = {https://www.nature.com/articles/323533a0}
}

@article{lecun1998gradient,
  author    = {LeCun, Yann and Bottou, L{\'e}on and Bengio, Yoshua and Haffner, Patrick},
  title     = {Gradient-Based Learning Applied to Document Recognition},
  journal   = {Proceedings of the IEEE},
  year      = {1998},
  volume    = {86},
  number    = {11},
  pages     = {2278--2324},
  doi       = {10.1109/5.726791},
  url       = {https://ieeexplore.ieee.org/document/726791}
}

@inproceedings{lecun1990handwritten,
  author    = {LeCun, Yann and Boser, Bernhard and Denker, John S. and Henderson, David and Howard, Robert E. and Hubbard, Wayne and Jackel, Lawrence D.},
  title     = {Handwritten Digit Recognition with a Back-Propagation Network},
  booktitle = {Proceedings of the IEEE Conference on Neural Networks, 1990},
  year      = {1990},
  pages     = {396--404},
  doi       = {10.1109/IJCNN.1990.58325},
  url       = {https://ieeexplore.ieee.org/document/58325}
}

@inproceedings{krizhevsky2012imagenet,
  author    = {Krizhevsky, Alex and Sutskever, Ilya and Hinton, Geoffrey E.},
  title     = {ImageNet Classification with Deep Convolutional Neural Networks},
  booktitle = {Advances in Neural Information Processing Systems (NeurIPS)},
  year      = {2012},
  volume    = {25},
  pages     = {1097--1105},
  url       = {https://proceedings.neurips.cc/paper_files/paper/2012/file/c399862d3b9d6b76c8436e924a68c45b-Paper.pdf}
}

@inproceedings{simonyan2014very,
  author    = {Simonyan, Karen and Zisserman, Andrew},
  title     = {Very Deep Convolutional Networks for Large-Scale Image Recognition},
  booktitle = {International Conference on Learning Representations (ICLR)},
  year      = {2015},
  note      = {arXiv:1409.1556},
  url       = {https://arxiv.org/abs/1409.1556}
}

@inproceedings{szegedy2015googlenet,
  title={Going deeper with convolutions},
  author={Szegedy, Christian and Liu, Wei and Jia, Yangqing and Sermanet, Pierre and Reed, Scott and Anguelov, Dragomir and Erhan, Dumitru and Vanhoucke, Vincent and Rabinovich, Andrew},
  booktitle={Proceedings of the IEEE conference on computer vision and pattern recognition (CVPR)},
  year={2015},
  pages={1--9},
  url={https://arxiv.org/abs/1409.4842}
}

@inproceedings{he2015deep,
  author    = {He, Kaiming and Zhang, Xiangyu and Ren, Shaoqing and Sun, Jian},
  title     = {Deep Residual Learning for Image Recognition},
  booktitle = {IEEE Conference on Computer Vision and Pattern Recognition (CVPR)},
  year      = {2016},
  pages     = {770--778},
  doi       = {10.1109/CVPR.2016.90},
  url       = {https://arxiv.org/abs/1512.03385},
  archivePrefix = {arXiv},
  eprint    = {1512.03385}
}

@article{howard2017mobilenets,
  author    = {Howard, Andrew G. and Zhu, Menglong and Chen, Bo and Kalenichenko, Dmitry and Wang, Weijun and Weyand, Tobias and Andreetto, Marco and Adam, Hartwig},
  title     = {MobileNets: Efficient Convolutional Neural Networks for Mobile Vision Applications},
  journal   = {arXiv},
  year      = {2017},
  volume    = {abs/1704.04861},
  url       = {https://arxiv.org/abs/1704.04861},
  eprint    = {1704.04861},
  archivePrefix = {arXiv}
}

@article{efficientnet,
  title={EfficientNet: Rethinking Model Scaling for Convolutional Neural Networks},
  author={Tan, Mingxing and Le, Quoc V},
  journal={arXiv preprint arXiv:1905.11946},
  year={2019},
  url={https://arxiv.org/abs/1905.11946}
}

@article{bengio2009learning,
  author    = {Bengio, Yoshua},
  title     = {Learning Deep Architectures for AI},
  journal   = {Foundations and Trends in Machine Learning},
  year      = {2009},
  volume    = {2},
  number    = {1},
  pages     = {1--127},
  doi       = {10.1561/2200000006},
  url       = {https://arxiv.org/abs/2003.01503}
}

@book{goodfellow2016deep,
  author    = {Goodfellow, Ian and Bengio, Yoshua and Courville, Aaron},
  title     = {Deep Learning},
  publisher = {MIT Press},
  year      = {2016},
  url       = {https://www.deeplearningbook.org/}
}

@article{dumoulin2016guide,
  author    = {Dumoulin, Vincent and Visin, Francesco},
  title     = {A Guide to Convolution Arithmetic for Deep Learning},
  journal   = {arXiv},
  year      = {2016},
  eprint    = {1603.07285},
  archivePrefix = {arXiv},
  primaryClass = {cs.LG},
  url       = {https://arxiv.org/abs/1603.07285}
}

@inproceedings{zeiler2014visualizing,
  author    = {Zeiler, Matthew D. and Fergus, Rob},
  title     = {Visualizing and Understanding Convolutional Networks},
  booktitle = {European Conference on Computer Vision (ECCV)},
  year      = {2014},
  pages     = {818--833},
  publisher = {Springer},
  doi       = {10.1007/978-3-319-10590-1_53},
  url       = {https://link.springer.com/chapter/10.1007/978-3-319-10590-1_53}
}

@inproceedings{nair2010relu,
  author    = {Nair, Vinod and Hinton, Geoffrey E.},
  title     = {Rectified Linear Units Improve Restricted Boltzmann Machines},
  booktitle = {Proceedings of the International Conference on Machine Learning (ICML)},
  year      = {2010},
  pages     = {807--814},
  url       = {https://www.cs.toronto.edu/~hinton/absps/reluICML.pdf}
}

@article{hochreiter1997lstm,
  author    = {Hochreiter, Sepp and Schmidhuber, J{\"u}rgen},
  title     = {Long Short-Term Memory},
  journal   = {Neural Computation},
  year      = {1997},
  volume    = {9},
  number    = {8},
  pages     = {1735--1780},
  doi       = {10.1162/neco.1997.9.8.1735},
  url       = {https://direct.mit.edu/neco/article/9/8/1735/6109/Long-Short-Term-Memory}
}

@article{srivastava2014dropout,
  author    = {Srivastava, Nitish and Hinton, Geoffrey E. and Krizhevsky, Alex and Sutskever, Ilya and Salakhutdinov, Ruslan},
  title     = {Dropout: A Simple Way to Prevent Neural Networks from Overfitting},
  journal   = {Journal of Machine Learning Research (JMLR)},
  year      = {2014},
  volume    = {15},
  pages     = {1929--1958},
  url       = {http://jmlr.org/papers/volume15/srivastava14a/srivastava14a.pdf}
}




