@article{fukushima1980neocognitron,
  author    = {Fukushima, Kunihiko},
  title     = {Neocognitron: A Self-Organizing Neural Network Model for a Mechanism of Pattern Recognition Unaffected by Shift in Position},
  journal   = {Biological Cybernetics},
  year      = {1980},
  volume    = {36},
  number    = {4},
  pages     = {193--202},
  doi       = {10.1007/BF00344251},
  url       = {https://link.springer.com/article/10.1007/BF00344251}
}

@article{rumelhart1986learning,
  author    = {Rumelhart, David E. and Hinton, Geoffrey E. and Williams, Ronald J.},
  title     = {Learning Representations by Backpropagating Errors},
  journal   = {Nature},
  year      = {1986},
  volume    = {323},
  number    = {6088},
  pages     = {533--536},
  doi       = {10.1038/323533a0},
  url       = {https://www.nature.com/articles/323533a0}
}

@article{lecun1998gradient,
  author    = {LeCun, Yann and Bottou, L{\'e}on and Bengio, Yoshua and Haffner, Patrick},
  title     = {Gradient-Based Learning Applied to Document Recognition},
  journal   = {Proceedings of the IEEE},
  year      = {1998},
  volume    = {86},
  number    = {11},
  pages     = {2278--2324},
  doi       = {10.1109/5.726791},
  url       = {https://ieeexplore.ieee.org/document/726791}
}

@inproceedings{lecun1990handwritten,
  author    = {LeCun, Yann and Boser, Bernhard and Denker, John S. and Henderson, David and Howard, Robert E. and Hubbard, Wayne and Jackel, Lawrence D.},
  title     = {Handwritten Digit Recognition with a Back-Propagation Network},
  booktitle = {Proceedings of the IEEE Conference on Neural Networks, 1990},
  year      = {1990},
  pages     = {396--404},
  doi       = {10.1109/IJCNN.1990.58325},
  url       = {https://ieeexplore.ieee.org/document/58325}
}

@inproceedings{krizhevsky2012imagenet,
  author    = {Krizhevsky, Alex and Sutskever, Ilya and Hinton, Geoffrey E.},
  title     = {ImageNet Classification with Deep Convolutional Neural Networks},
  booktitle = {Advances in Neural Information Processing Systems (NeurIPS)},
  year      = {2012},
  volume    = {25},
  pages     = {1097--1105},
  url       = {https://proceedings.neurips.cc/paper_files/paper/2012/file/c399862d3b9d6b76c8436e924a68c45b-Paper.pdf}
}

@inproceedings{simonyan2014very,
  author    = {Simonyan, Karen and Zisserman, Andrew},
  title     = {Very Deep Convolutional Networks for Large-Scale Image Recognition},
  booktitle = {International Conference on Learning Representations (ICLR)},
  year      = {2015},
  note      = {arXiv:1409.1556},
  url       = {https://arxiv.org/abs/1409.1556}
}

@inproceedings{szegedy2015googlenet,
  title={Going deeper with convolutions},
  author={Szegedy, Christian and Liu, Wei and Jia, Yangqing and Sermanet, Pierre and Reed, Scott and Anguelov, Dragomir and Erhan, Dumitru and Vanhoucke, Vincent and Rabinovich, Andrew},
  booktitle={Proceedings of the IEEE conference on computer vision and pattern recognition (CVPR)},
  year={2015},
  pages={1--9},
  url={https://arxiv.org/abs/1409.4842}
}

@inproceedings{he2015deep,
  author    = {He, Kaiming and Zhang, Xiangyu and Ren, Shaoqing and Sun, Jian},
  title     = {Deep Residual Learning for Image Recognition},
  booktitle = {IEEE Conference on Computer Vision and Pattern Recognition (CVPR)},
  year      = {2016},
  pages     = {770--778},
  doi       = {10.1109/CVPR.2016.90},
  url       = {https://arxiv.org/abs/1512.03385},
  archivePrefix = {arXiv},
  eprint    = {1512.03385}
}

@article{howard2017mobilenets,
  author    = {Howard, Andrew G. and Zhu, Menglong and Chen, Bo and Kalenichenko, Dmitry and Wang, Weijun and Weyand, Tobias and Andreetto, Marco and Adam, Hartwig},
  title     = {MobileNets: Efficient Convolutional Neural Networks for Mobile Vision Applications},
  journal   = {arXiv},
  year      = {2017},
  volume    = {abs/1704.04861},
  url       = {https://arxiv.org/abs/1704.04861},
  eprint    = {1704.04861},
  archivePrefix = {arXiv}
}

@article{efficientnet,
  title={EfficientNet: Rethinking Model Scaling for Convolutional Neural Networks},
  author={Tan, Mingxing and Le, Quoc V},
  journal={arXiv preprint arXiv:1905.11946},
  year={2019},
  url={https://arxiv.org/abs/1905.11946}
}

@article{bengio2009learning,
  author    = {Bengio, Yoshua},
  title     = {Learning Deep Architectures for AI},
  journal   = {Foundations and Trends in Machine Learning},
  year      = {2009},
  volume    = {2},
  number    = {1},
  pages     = {1--127},
  doi       = {10.1561/2200000006},
  url       = {https://arxiv.org/abs/2003.01503}
}




